@article{miettinen2008positive,
  title={On the positive--negative partial set cover problem},
  author={Miettinen, Pauli},
  journal={Information Processing Letters},
  volume={108},
  number={4},
  pages={219--221},
  year={2008},
  publisher={Elsevier}
}


@inproceedings{martins2014open,
  title={Open-WBO: A modular MaxSAT solver},
  author={Martins, Ruben and Manquinho, Vasco and Lynce, In{\^e}s},
  booktitle={International Conference on Theory and Applications of Satisfiability Testing},
  pages={438--445},
  year={2014},
  organization={Springer}
}


@article{poloczek2013some,
  title={On some recent max sat approximation algorithms},
  author={Poloczek, Matthias and Williamson, David P and van Zuylen, Anke},
  journal={arXiv preprint arXiv:1308.3405},
  year=2013
}


@article{wang2015learning,
  title={Learning optimized Or's of And's},
  author={Wang, Tong and Rudin, Cynthia},
  journal={arXiv preprint arXiv:1511.02210},
  year={2015}
}

@article{dash2018boolean,
  title={Boolean decision rules via column generation},
  author={Dash, Sanjeeb and Gunluk, Oktay and Wei, Dennis},
  journal={Advances in neural information processing systems},
  volume={31},
  year={2018}
}


@inproceedings{malioutov2018mlic,
  title={MLIC: A MaxSAT-based framework for learning interpretable classification rules},
  author={Malioutov, Dmitry and Meel, Kuldeep S},
  booktitle={International Conference on Principles and Practice of Constraint Programming},
  pages={312--327},
  year={2018},
  organization={Springer}
}


@article{cao2020learning,
  title={Learning explainable decision rules via maximum satisfiability},
  author={Cao, Henrik EC and Sarlin, Riku and Jung, Alexander},
  journal={IEEE Access},
  volume={8},
  pages={218180--218185},
  year={2020},
  publisher={IEEE}
}


@inproceedings{ghosh2019imli,
  title={IMLI: An incremental framework for MaxSAT-based learning of interpretable classification rules},
  author={Ghosh, Bishwamittra and Meel, Kuldeep S},
  booktitle={Proceedings of the 2019 AAAI/ACM Conference on AI, Ethics, and Society},
  pages={203--210},
  year={2019}
}

@inproceedings{ignatiev2018sat,
  title={A SAT-based approach to learn explainable decision sets},
  author={Ignatiev, Alexey and Pereira, Filipe and Narodytska, Nina and Marques-Silva, Joao},
  booktitle={International Joint Conference on Automated Reasoning},
  pages={627--645},
  year={2018},
  organization={Springer}
}

@inproceedings{yu2020computing,
  title={Computing optimal decision sets with SAT},
  author={Yu, Jinqiang and Ignatiev, Alexey and Stuckey, Peter J and Le Bodic, Pierre},
  booktitle={International Conference on Principles and Practice of Constraint Programming},
  pages={952--970},
  year={2020},
  organization={Springer}
}


@article{peleg2007approximation,
  title={Approximation algorithms for the label-covermax and red-blue set cover problems},
  author={Peleg, David},
  journal={Journal of Discrete Algorithms},
  volume={5},
  number={1},
  pages={55--64},
  year={2007},
  publisher={Elsevier}
}

@inproceedings{kazemi2021regularized,
  title={Regularized submodular maximization at scale},
  author={Kazemi, Ehsan and Minaee, Shervin and Feldman, Moran and Karbasi, Amin},
  booktitle={International Conference on Machine Learning},
  pages={5356--5366},
  year={2021},
  organization={PMLR}
}

@article{yang2021learning,
  title={Learning Interpretable Decision Rule Sets: A Submodular Optimization Approach},
  author={Yang, Fan and He, Kai and Yang, Linxiao and Du, Hongxia and Yang, Jingbang and Yang, Bo and Sun, Liang},
  journal={Advances in Neural Information Processing Systems},
  volume={34},
  pages={27890--27902},
  year={2021}
}


@inproceedings{ting2016towards,
  title={Towards optimal cardinality estimation of unions and intersections with sketches},
  author={Ting, Daniel},
  booktitle={Proceedings of the 22nd ACM SIGKDD International Conference on Knowledge Discovery and Data Mining},
  pages={1195--1204},
  year={2016}
}

@inproceedings{iyer2019near,
  title={Near optimal algorithms for hard submodular programs with discounted cooperative costs},
  author={Iyer, Rishabh and Bilmes, Jeffrey},
  booktitle={The 22nd International Conference on Artificial Intelligence and Statistics},
  pages={276--285},
  year={2019},
  organization={PMLR}
}

@Comment @article{wang2015learning,
@Comment   title={Learning optimized Or's of And's},
@Comment   author={Wang, Tong and Rudin, Cynthia},
@Comment   journal={arXiv preprint arXiv:1511.02210},
@Comment   year={2015}
@Comment }

@Comment @article{dash2018boolean,
@Comment   title={Boolean decision rules via column generation},
@Comment   author={Dash, Sanjeeb and Gunluk, Oktay and Wei, Dennis},
@Comment   journal={Advances in neural information processing systems},
@Comment   volume={31},
@Comment   year={2018}
@Comment }


@Comment @inproceedings{malioutov2018mlic,
@Comment   title={MLIC: A MaxSAT-based framework for learning interpretable classification rules},
@Comment   author={Malioutov, Dmitry and Meel, Kuldeep S},
@Comment   booktitle={International Conference on Principles and Practice of Constraint Programming},
@Comment   pages={312--327},
@Comment   year={2018},
@Comment   organization={Springer}
@Comment }

@Comment @inproceedings{ghosh2019imli,
@Comment   title={IMLI: An incremental framework for MaxSAT-based learning of interpretable classification rules},
@Comment   author={Ghosh, Bishwamittra and Meel, Kuldeep S},
@Comment   booktitle={Proceedings of the 2019 AAAI/ACM Conference on AI, Ethics, and Society},
@Comment   pages={203--210},
@Comment   year={2019}
@Comment }

@Comment @inproceedings{yu2020computing,
@Comment   title={Computing optimal decision sets with SAT},
@Comment   author={Yu, Jinqiang and Ignatiev, Alexey and Stuckey, Peter J and Le Bodic, Pierre},
@Comment   booktitle={International Conference on Principles and Practice of Constraint Programming},
@Comment   pages={952--970},
@Comment   year={2020},
@Comment   organization={Springer}
@Comment }

@inproceedings{malioutov2013exact,
  title={Exact rule learning via boolean compressed sensing},
  author={Malioutov, Dmitry and Varshney, Kush},
  booktitle={International conference on machine learning},
  pages={765--773},
  year={2013},
  organization={PMLR}
}

@article{iyer2013submodular,
  title={Submodular optimization with submodular cover and submodular knapsack constraints},
  author={Iyer, Rishabh K and Bilmes, Jeff A},
  journal={Advances in neural information processing systems},
  volume={26},
  year={2013}
}

@inproceedings{iyer2019near,
  title={Near optimal algorithms for hard submodular programs with discounted cooperative costs},
  author={Iyer, Rishabh and Bilmes, Jeffrey},
  booktitle={The 22nd International Conference on Artificial Intelligence and Statistics},
  pages={276--285},
  year={2019},
  organization={PMLR}
}
